@incollection{jeff2014,
year={2014},
isbn={978-1-4614-4787-0},
booktitle={Comprehensive Guide to Autism},
editor={Patel, Vinood B. and Preedy, Victor R. and Martin, Colin R.},
doi={10.1007/978-1-4614-4788-7_81},
title={Cortical Underconnectivity Hypothesis in Autism: Evidence from Functional Connectivity MRI},
url={http://dx.doi.org/10.1007/978-1-4614-4788-7_81},
publisher={Springer New York},
author={Anderson, JeffreyS.},
pages={1457-1471},
language={English}
}
@article{zielinski2012scmri,
  title={scMRI reveals large-scale brain network abnormalities in autism},
  author={Zielinski, Brandon A and Anderson, Jeffrey S and Froehlich, Alyson L and Prigge, Molly BD and Nielsen, Jared A and Cooperrider, Jason R and Cariello, Annahir N and Fletcher, P Thomas and Alexander, Andrew L and Lange, Nicholas and others},
  journal={PloS one},
  volume={7},
  number={11},
  pages={e49172},
  year={2012},
  publisher={Public Library of Science}
}
@article{DerSimonian,
  title={Meta-analysis in clinical trials},
  author={DerSimonian, Rebecca and Laird, Nan},
  journal={Controlled clinical trials},
  volume={7},
  number={3},
  pages={177--188},
  year={1986},
  publisher={Elsevier}
}
@article{abide,
  title={The autism brain imaging data exchange: towards a large-scale evaluation of the intrinsic brain architecture in autism},
  author={Di Martino, A and Yan, CG and Li, Q and Denio, E and Castellanos, FX and Alaerts, K and Anderson, JS and Assaf, M and Bookheimer, SY and Dapretto, M and others},
  journal={Molecular psychiatry},
  year={2013},
  publisher={Nature Publishing Group}
}
@article{Jeff,
author = {Anderson, Jeffrey S. and Nielsen, Jared A. and Froehlich, Alyson L. and DuBray, Molly B. and Druzgal, T. Jason and Cariello, Annahir N. and Cooperrider, Jason R. and Zielinski, Brandon A. and Ravichandran, Caitlin and Fletcher, P. Thomas and Alexander, Andrew L. and Bigler, Erin D. and Lange, Nicholas and Lainhart, Janet E.},
title = {Functional connectivity magnetic resonance imaging classification of autism},
volume = {134},
number = {12},
pages = {3742-3754},
year = {2011},
doi = {10.1093/brain/awr263},
URL = {http://brain.oxfordjournals.org/content/134/12/3742.abstract},
eprint = {http://brain.oxfordjournals.org/content/134/12/3742.full.pdf+html},
journal = {Brain}
}
@article{Jared,
  title={Multisite functional connectivity MRI classification of autism: ABIDE results},
  author={Nielsen, Jared A and Zielinski, Brandon A and Fletcher, P Thomas and Alexander, Andrew L and Lange, Nicholas and Bigler, Erin D and Lainhart, Janet E and Anderson, Jeffrey S},
  journal={Frontiers in human neuroscience},
  volume={7},
  year={2013},
  publisher={Frontiers Media SA}
}
@article{lordADOS,
  title={The Autism Diagnostic Observation Scheduleâ€”Generic: A standard measure of social and communication deficits associated with the spectrum of autism},
  author={Lord, Catherine and Risi, Susan and Lambrecht, Linda and Cook Jr, Edwin H and Leventhal, Bennett L and DiLavore, Pamela C and Pickles, Andrew and Rutter, Michael},
  journal={Journal of autism and developmental disorders},
  volume={30},
  number={3},
  pages={205--223},
  year={2000},
  publisher={Springer}
}
@article{lordADIR,
  title={Autism Diagnostic Interview-Revised: a revised version of a diagnostic interview for caregivers of individuals with possible pervasive developmental disorders},
  author={Lord, Catherine and Rutter, Michael and Le Couteur, Ann},
  journal={Journal of autism and developmental disorders},
  volume={24},
  number={5},
  pages={659--685},
  year={1994},
  publisher={Springer}
}
@inproceedings{regMTL,
  title={Regularized multi--task learning},
  author={Evgeniou, Theodoros and Pontil, Massimiliano},
  booktitle={Proceedings of the tenth ACM SIGKDD international conference on Knowledge discovery and data mining},
  pages={109--117},
  year={2004},
  organization={ACM}
}
@article{ghiassian,
  title={Learning to Classify Psychiatric Disorders based on fMR Images: Autism vs Healthy and ADHD vs Healthy},
  author={Ghiassian, Sina and Greiner, Russell and Jin, Ping and Brown, Matthew RG}
}
@article{wee,
  title={Diagnosis of autism spectrum disorders using regional and interregional morphological features},
  author={Wee, Chong-Yaw and Wang, Li and Shi, Feng and Yap, Pew-Thian and Shen, Dinggang},
  journal={Human Brain Mapping},
  year={2013},
  publisher={Wiley Online Library}
}
@article{regMTL2,
  title={Learning multiple tasks with kernel methods.},
  author={Evgeniou, Theodoros and Micchelli, Charles A and Pontil, Massimiliano and Shawe-Taylor, John},
  journal={Journal of Machine Learning Research},
  volume={6},
  number={4},
  year={2005}
}
@article{featsel,
  title={An introduction to variable and feature selection},
  author={Guyon, Isabelle and Elisseeff, Andr{\'e}},
  journal={The Journal of Machine Learning Research},
  volume={3},
  pages={1157--1182},
  year={2003},
  publisher={JMLR. org}
}
@article{powers,
  title={Functional network organization of the human brain},
  author={Power, Jonathan D and Cohen, Alexander L and Nelson, Steven M and Wig, Gagan S and Barnes, Kelly Anne and Church, Jessica A and Vogel, Alecia C and Laumann, Timothy O and Miezin, Fran M and Schlaggar, Bradley L and others},
  journal={Neuron},
  volume={72},
  number={4},
  pages={665--678},
  year={2011},
  publisher={Elsevier}
}
@article{fcon,
  title={Toward discovery science of human brain function},
  author={Biswal, Bharat B and Mennes, Maarten and Zuo, Xi-Nian and Gohel, Suril and Kelly, Clare and Smith, Steve M and Beckmann, Christian F and Adelstein, Jonathan S and Buckner, Randy L and Colcombe, Stan and others},
  journal={Proceedings of the National Academy of Sciences},
  volume={107},
  number={10},
  pages={4734--4739},
  year={2010},
  publisher={National Acad Sciences}
}
@article{adhd,
  title={The ADHD-200 consortium: a model to advance the translational potential of neuroimaging in clinical neuroscience},
  author={ADHD-200 Consortium and others},
  journal={Frontiers in systems neuroscience},
  volume={6},
  year={2012},
  publisher={Frontiers Media SA}
}
@article{meta,
  title={Meta-analysis and its problems.},
  author={Eysenck, Hans J},
  journal={BMJ: British Medical Journal},
  volume={309},
  number={6957},
  pages={789},
  year={1994},
  publisher={BMJ Group}
}
@article{svm,
  title={Support-vector networks},
  author={Cortes, Corinna and Vapnik, Vladimir},
  journal={Machine learning},
  volume={20},
  number={3},
  pages={273--297},
  year={1995},
  publisher={Springer}
}